@article{住井英二郎:2008-04-24,
author="住井 英二郎",
title="MinCamlコンパイラ(ソフトウェア論文)",
journal="コンピュータソフトウェア",
ISSN="02896540",
publisher="日本ソフトウェア科学会",
year="2008-04-24",
volume="25",
number="2",
pages="28-38",
URL="http://ci.nii.ac.jp/naid/110006664764/",
DOI="",
}